[gd_scene load_steps=12 format=2]

[ext_resource path="res://Garden/UI/SeedInventory.tscn" type="PackedScene" id=1]
[ext_resource path="res://Garden/UI/FruitInventory.tscn" type="PackedScene" id=2]
[ext_resource path="res://theme.tres" type="Theme" id=3]
[ext_resource path="res://Assets/Font/give_away_32.tres" type="DynamicFont" id=4]
[ext_resource path="res://Garden/UI/Inventory.gd" type="Script" id=5]
[ext_resource path="res://MenuAnimationPlayer.tscn" type="PackedScene" id=6]
[ext_resource path="res://Garden/UI/inventory_tab_fg.tres" type="StyleBox" id=7]
[ext_resource path="res://Garden/UI/inventory_tab_bg.tres" type="StyleBox" id=8]
[ext_resource path="res://Assets/trash_can_closed.png" type="Texture" id=9]
[ext_resource path="res://Assets/trash_can_open.png" type="Texture" id=10]

[sub_resource type="StyleBoxFlat" id=1]
bg_color = Color( 0.6, 0.6, 0.6, 0 )
corner_radius_top_left = 10
corner_radius_top_right = 10
corner_radius_bottom_right = 10
corner_radius_bottom_left = 10
shadow_color = Color( 0.4, 0.4, 0.4, 0.6 )
shadow_size = 25

[node name="Inventory" type="MarginContainer"]
anchor_left = 1.0
anchor_top = 0.5
anchor_right = 1.0
anchor_bottom = 0.5
margin_left = -400.0
margin_top = -400.0
margin_bottom = 400.0
theme = ExtResource( 3 )
script = ExtResource( 5 )

[node name="V" type="VBoxContainer" parent="."]
margin_right = 400.0
margin_bottom = 945.0
custom_constants/separation = 25

[node name="Tabs" type="TabContainer" parent="V"]
margin_right = 400.0
margin_bottom = 800.0
rect_min_size = Vector2( 400, 800 )
rect_scale = Vector2( 0.5, 0.5 )
rect_pivot_offset = Vector2( 200, 400 )
mouse_default_cursor_shape = 2
theme = ExtResource( 3 )
custom_fonts/font = ExtResource( 4 )
custom_styles/tab_fg = ExtResource( 7 )
custom_styles/tab_bg = ExtResource( 8 )
custom_styles/panel = SubResource( 1 )
all_tabs_in_front = true

[node name="Seeds" parent="V/Tabs" instance=ExtResource( 1 )]
margin_top = 86.0
size_flags_horizontal = 3

[node name="Fruits" parent="V/Tabs" instance=ExtResource( 2 )]
visible = false
margin_top = 36.0
size_flags_horizontal = 3

[node name="DiscardButton" type="CheckButton" parent="V"]
margin_left = 96.0
margin_top = 825.0
margin_right = 304.0
margin_bottom = 945.0
size_flags_horizontal = 4
size_flags_vertical = 4
custom_icons/off = ExtResource( 9 )
custom_icons/on = ExtResource( 10 )
text = "Discard"
align = 1
expand_icon = true

[node name="MenuAnimationPlayer" parent="." instance=ExtResource( 6 )]
root_node = NodePath("../V/Tabs")

[connection signal="seed_selected" from="V/Tabs/Seeds" to="." method="_on_Seeds_seed_selected"]
[connection signal="toggled" from="V/DiscardButton" to="." method="_on_Button_toggled"]
